@article{PinillaToro2019,
	doi = {10.47366/sabia.v5n1a3},
	url = {https://doi.org/10.47366/sabia.v5n1a3},
	year = {2019},
	month = jan,
	publisher = {Universidad del Pacifico - Colombia},
	volume = {5},
	number = {1},
	pages = {34--50},
	author = {Camilo Enrique Pinilla Toro},
	title = {Saberes emergentes de las artes urbanas y cultura de paz. Un estudio de caso en San Salvador},
	journal = {Sabia Revista Cient{\'{\i}}fica}
}